<record><leader>00000cas a22000007a 4500</leader><controlfield tag="001">10625911</controlfield><controlfield tag="008">840413d18681920mduwr ne      0    0eng d</controlfield><datafield ind1=" " ind2=" " tag="010"><subfield code="a">sn 84026695 </subfield></datafield><datafield ind1=" " ind2=" " tag="040"><subfield code="a">NPU</subfield><subfield code="b">eng</subfield><subfield code="c">NPU</subfield><subfield code="d">NPX</subfield><subfield code="d">MFN</subfield><subfield code="d">NVK</subfield><subfield code="d">OCLCQ</subfield><subfield code="d">OCLCF</subfield><subfield code="d">OCLCO</subfield></datafield><datafield ind1="1" ind2=" " tag="029"><subfield code="a">AU@</subfield><subfield code="b">000020347812</subfield></datafield><datafield ind1=" " ind2=" " tag="042"><subfield code="a">msc</subfield></datafield><datafield ind1=" " ind2=" " tag="043"><subfield code="a">n-us-md</subfield></datafield><datafield ind1="0" ind2=" " tag="130"><subfield code="a">Harford Democrat (Bel Air, Md. : 1868)</subfield></datafield><datafield ind1="1" ind2="4" tag="245"><subfield code="a">The Harford Democrat.</subfield></datafield><datafield ind1=" " ind2=" " tag="260"><subfield code="a">Bel Air, Md. :</subfield><subfield code="b">Bouldin &amp; Watters</subfield></datafield><datafield ind1=" " ind2=" " tag="300"><subfield code="a">v. :</subfield><subfield code="b">ill. ;</subfield><subfield code="c">67 cm.</subfield></datafield><datafield ind1=" " ind2=" " tag="310"><subfield code="a">Weekly</subfield></datafield><datafield ind1="0" ind2=" " tag="362"><subfield code="a">Vol. 1, no. 1 (Oct. 2, 1868)-v. 53, no. 19 (Dec. 31, 1920).</subfield></datafield><datafield ind1=" " ind2=" " tag="500"><subfield code="a">Publisher varies: Democrat Publishing Company, &lt;Nov. 11, 1881-Aug. 14, 1896-&gt;</subfield></datafield><datafield ind1=" " ind2="0" tag="651"><subfield code="a">Bel Air (Harford County, Md.)</subfield><subfield code="v">Newspapers.</subfield></datafield><datafield ind1=" " ind2="7" tag="655"><subfield code="a">Newspapers.</subfield><subfield code="2">fast</subfield><subfield code="0">(OCoLC)fst01423814</subfield></datafield><datafield ind1=" " ind2="7" tag="651"><subfield code="a">Maryland</subfield><subfield code="z">Bel Air (Harford County)</subfield><subfield code="2">fast</subfield><subfield code="0">(OCoLC)fst01313347</subfield></datafield><datafield ind1=" " ind2=" " tag="752"><subfield code="a">United States</subfield><subfield code="b">Maryland</subfield><subfield code="c">Harford</subfield><subfield code="d">Bel Air.</subfield></datafield><datafield ind1="0" ind2="7" tag="785"><subfield code="t">Aberdeen enterprise (Aberdeen, Md. : 1889)</subfield><subfield code="w">(DLC)sn 89060126</subfield></datafield><datafield ind1="0" ind2="7" tag="785"><subfield code="t">Harford Democrat and Aberdeen enterprise</subfield><subfield code="w">(DLC)sn 89060012</subfield></datafield></record>